{
  "leader": "02716cam a22003971i 4500",
  "fields": [
    {
      "001": "ocm04574493\\"
    },
    {
      "003": "OCoLC"
    },
    {
      "005": "20220705130352.0"
    },
    {
      "008": "790123s1896\\\\\\\\mauf\\\\\\\\\\\\\\\\\\\\000\\0\\eng\\\\"
    },
    {
      "010": {
        "ind1": "\\",
        "ind2": "\\",
        "subfields": [
          {
            "a": "   12030810 "
          }
        ]
      }
    },
    {
      "040": {
        "ind1": "\\",
        "ind2": "\\",
        "subfields": [
          {
            "a": "DLC"
          },
          {
            "b": "eng"
          },
          {
            "c": "DLC"
          },
          {
            "d": "CLE"
          },
          {
            "d": "BRL"
          },
          {
            "d": "MLN"
          },
          {
            "d": "OCLCF"
          },
          {
            "d": "NDD"
          },
          {
            "d": "SNN"
          },
          {
            "d": "DLC"
          },
          {
            "d": "OCLCO"
          },
          {
            "d": "OCLCQ"
          },
          {
            "d": "OCLCO"
          }
        ]
      }
    },
    {
      "019": {
        "ind1": "\\",
        "ind2": "\\",
        "subfields": [
          {
            "a": "1054991654"
          }
        ]
      }
    },
    {
      "035": {
        "ind1": "\\",
        "ind2": "\\",
        "subfields": [
          {
            "a": "(OCoLC)4574493"
          },
          {
            "z": "(OCoLC)1054991654"
          }
        ]
      }
    },
    {
      "042": {
        "ind1": "\\",
        "ind2": "\\",
        "subfields": [
          {
            "a": "premarc"
          }
        ]
      }
    },
    {
      "050": {
        "ind1": "0",
        "ind2": "0",
        "subfields": [
          {
            "a": "HV27"
          },
          {
            "b": ".B7"
          }
        ]
      }
    },
    {
      "082": {
        "ind1": "0",
        "ind2": "4",
        "subfields": [
          {
            "a": "415.6"
          },
          {
            "b": "BOL"
          }
        ]
      }
    },
    {
      "100": {
        "ind1": "1",
        "ind2": "\\",
        "subfields": [
          {
            "a": "Bolton, Sarah Knowles,"
          },
          {
            "d": "1841-1916."
          }
        ]
      }
    },
    {
      "245": {
        "ind1": "1",
        "ind2": "0",
        "subfields": [
          {
            "a": "Famous givers and their gifts /"
          },
          {
            "c": "by Sarah Knowles Bolton."
          }
        ]
      }
    },
    {
      "260": {
        "ind1": "\\",
        "ind2": "\\",
        "subfields": [
          {
            "a": "New York,"
          },
          {
            "a": "Boston ;"
          },
          {
            "b": "T.Y. Crowell & Company,"
          },
          {
            "c": "[\u00a91896]"
          }
        ]
      }
    },
    {
      "300": {
        "ind1": "\\",
        "ind2": "\\",
        "subfields": [
          {
            "a": "x, 382 pages :"
          },
          {
            "b": "frontispiece, plates, portraits ;"
          },
          {
            "c": "19 cm"
          }
        ]
      }
    },
    {
      "336": {
        "ind1": "\\",
        "ind2": "\\",
        "subfields": [
          {
            "a": "text"
          },
          {
            "b": "txt"
          },
          {
            "2": "rdacontent"
          }
        ]
      }
    },
    {
      "337": {
        "ind1": "\\",
        "ind2": "\\",
        "subfields": [
          {
            "a": "unmediated"
          },
          {
            "b": "n"
          },
          {
            "2": "rdamedia"
          }
        ]
      }
    },
    {
      "338": {
        "ind1": "\\",
        "ind2": "\\",
        "subfields": [
          {
            "a": "volume"
          },
          {
            "b": "nc"
          },
          {
            "2": "rdacarrier"
          }
        ]
      }
    },
    {
      "530": {
        "ind1": "\\",
        "ind2": "\\",
        "subfields": [
          {
            "a": "Also available in digital form on the Internet Archive Web site."
          }
        ]
      }
    },
    {
      "505": {
        "ind1": "0",
        "ind2": "\\",
        "subfields": [
          {
            "a": "John Lowell, Jr., and his free lectures -- Stephen Girard and his college for orphans -- Andrew Carnegie and his libraries -- Thomas Holloway; his sanatorium and college -- Charles Pratt and his institute -- Thomas Guy and his hospital -- Sophia Smith and her college for women -- James Lick and his telescope -- Leland Stanford and his university -- Captain Thomas Coram and his foundling asylum -- Henry Shaw and his botanical garden -- James Smithson and the Smithsonian Institution -- Pratt, Lenox, Mary Macrae Stuart, Newberry, Crerar, Astor, Reynolds and their libraries -- Frederick H. Rindge and his gifts -- Anthony J. Drexell and his institute -- Philip D. Armour and his institute -- Leonard Case and his school of applied science -- Asa Packer and Lehigh University -- Cornelius Vanderbilt and Vanderbilt University -- Baron Maurice de Hirsch -- Isaac Rich and Boston University -- Daniel B. Fayerweather and others -- Catharine Lorillard Wolfe -- Mary Elizabeth Garrett -- Mrs. Anna Otterdorfer -- Daniel P. Stone and Valeria G. Stone -- Samuel Williston -- John F. Slater and Daniel Hand -- George T. Angell -- William W. Corcoran -- John D. Rockefeller and Chicago University."
          }
        ]
      }
    },
    {
      "650": {
        "ind1": "\\",
        "ind2": "0",
        "subfields": [
          {
            "a": "Philanthropists."
          }
        ]
      }
    },
    {
      "650": {
        "ind1": "\\",
        "ind2": "7",
        "subfields": [
          {
            "a": "Philanthropists."
          },
          {
            "2": "fast"
          },
          {
            "0": "(OCoLC)fst01060593"
          }
        ]
      }
    },
    {
      "651": {
        "ind1": "\\",
        "ind2": "7",
        "subfields": [
          {
            "a": "United States."
          },
          {
            "2": "fast"
          },
          {
            "0": "(OCoLC)fst01204155"
          }
        ]
      }
    },
    {
      "648": {
        "ind1": "\\",
        "ind2": "7",
        "subfields": [
          {
            "a": "1800-1899"
          },
          {
            "2": "fast"
          }
        ]
      }
    },
    {
      "655": {
        "ind1": "\\",
        "ind2": "7",
        "subfields": [
          {
            "a": "Portraits."
          },
          {
            "2": "fast"
          },
          {
            "0": "(OCoLC)fst01423831"
          }
        ]
      }
    },
    {
      "776": {
        "ind1": "0",
        "ind2": "8",
        "subfields": [
          {
            "i": "Online version:"
          },
          {
            "a": "Bolton, Sarah Knowles, 1841-1916."
          },
          {
            "t": "Famous givers and their gifts."
          },
          {
            "d": "New York, Boston, T.Y. Crowell & Company, [\u00a91896]"
          },
          {
            "w": "(OCoLC)894242439"
          }
        ]
      }
    },
    {
      "856": {
        "ind1": "4",
        "ind2": "1",
        "subfields": [
          {
            "u": "http://hdl.loc.gov/loc.gdc/scd0001.00193100582"
          }
        ]
      }
    },
    {
      "994": {
        "ind1": "\\",
        "ind2": "\\",
        "subfields": [
          {
            "a": "Z0"
          },
          {
            "b": "NYRVC"
          }
        ]
      }
    },
    {
      "948": {
        "ind1": "\\",
        "ind2": "\\",
        "subfields": [
          {
            "h": "NO HOLDINGS IN NYRVC - 80 OTHER HOLDINGS"
          }
        ]
      }
    },
    {
      "999": {
        "ind1": "\\",
        "ind2": "\\",
        "subfields": [
          {
            "a": "no barcode"
          },
          {
            "b": "Copy 1"
          }
        ]
      }
    },
    {
      "999": {
        "ind1": "\\",
        "ind2": "\\",
        "subfields": [
          {
            "a": "no barcode"
          },
          {
            "b": "Copy 2"
          }
        ]
      }
    }
  ]
}